% This file was created with JabRef 2.9.2.
% Encoding: UTF-8

@MISC{_transition,
  author = {Becky Vogan and Jerry Plotnick},
  title = {The Transition from High School to University Writing},
  file = {The Transition from High School to University Writing:/home/fabiano/.zotero/zotero/ru3nfjod.default/zotero/storage/QDRF6WX2/transition-to-university.html:text/html},
  url = {http://www.writing.utoronto.ca/advice/general/transition-to-university},
  urldate = {2014-01-27}
}

