@book{Tanenbaum:2007:MOS:1410217,
 author = {Tanenbaum, Andrew S.},
 title = {Modern Operating Systems},
 year = {2007},
 isbn = {9780136006633},
 edition = {3rd},
 publisher = {Prentice Hall Press},
 address = {Upper Saddle River, NJ, USA},
}

@book{shotts2012linux,
  title={Linux Command Line},
  author={Shotts, W.E.},
  isbn={9781593274269},
  url={http://books.google.com.br/books?id=ZBKsMYz1Q4kC},
  year={2012},
  publisher={No Starch Press}
}
