% This file was created with JabRef 2.9.2.
% Encoding: ISO8859_1

@MANUAL{ABNT:NBR6022,
  title = {NBR 6022},
  author = {ABNT},
  month = {Agosto},
  year = {2013},
  citeseerurl = {http://www.trabalhosabnt.com/regras\-normas\-da\-abnt\-formatacao/nbr\-6022},
  owner = {Weverton},
  timestamp = {2013.08.29},
  url = {http://www.trabalhosabnt.com/regras-normas-da-abnt-formatacao/nbr-6022}
}

@MISC{IEEECommunicationStandards,
  author = {IEEE-SA Standard Board},
  title = {IEEE Communications Society Standards Development Board},
  month = {March},
  year = {2013},
  owner = {gabriel},
  timestamp = {2013.08.28},
  url = {http://www.comsoc.org/files/About\%20Comsoc/Documents/ Policies\%20and\%20Procedures/pdf/ComSoc.SDB.F.1305.pdf}
}

@MANUAL{ABNT-ArtigosCientificos-Unisinos,
  title = {MANUAL PARA ELABORA\'{C}\~{A}O DE ARTIGOS CIENT\'{I}FICOS},
  author = {CABRAL, J. D and SILVA, I. M. and LOPES, E. A.},
  organization = {Unileste},
  year = {2012},
  owner = {gabriel},
  timestamp = {2013.08.28},
  url = {http://www.unilestemg.br/portal/biblioteca/downloads/manual-para-elaboracao-de-artigos-cientificos.pdf}
}

@MISC{IEEEAbout,
  author = {IEEE},
  title = {About IEEE},
  year = {2013},
  owner = {gabriel},
  timestamp = {2013.08.28},
  url = {http://www.ieee.org/about/index.html}
}

@MANUAL{IEEEGuidelines,
  title = {Preparation of Papers for IEEE TRANSACTIONS and JOURNALS (April 2013)},
  author = {IEEE M.},
  organization = {IEEE},
  month = {April},
  year = {2013},
  doi = {http://www.ieee.org/documents/transactions\_journals.pdf},
  owner = {gabriel},
  timestamp = {2013.08.28},
  url = {http://www.ieee.org/documents/transactions\_journals.pdf}
}

@MANUAL{NormasSBC,
  title = {Instructions for Authors of SBC Conferences Papers and Abstracts},
  author = {NEDEL, L. P. and BORDINI, R. H. and WAGNER, F. R. and H\"{U}BNER,
	J., F.},
  organization = {Sociedade Brasileira de Computa\'{c}\~{a}o - SBC},
  year = {2011},
  owner = {gabriel},
  timestamp = {2013.08.28},
  url = {http://www.sbc.org.br/index.php?option=com\_jdownloads \&Itemid=195\&task=view.download\&cid=38}
}

@MISC{SBCApresentacao,
  author = {SBC},
  title = {SBC EM V\'{I}DEO},
  month = {Agosto},
  year = {2013},
  owner = {gabriel},
  timestamp = {2013.08.28},
  url = {http://www.sbc.org.br/index.php ?option=com\_hwdvideoshare\&task=viewvideo\&Itemid=935\&video\_id=2}
}

@MISC{SBCSobre,
  author = {SBC},
  title = {INSTITUCIONAL},
  month = {Agosto},
  year = {2013},
  owner = {gabriel},
  timestamp = {2013.08.28},
  url = {http://www.sbc.org.br/index.php ?option=com\_content\&view=category\&layout=blog\&id=72\&Itemid=53}
}

